@article{cusumano2016quantifying,
  title={Quantifying the probable approximation error of probabilistic inference programs},
  author={Cusumano-Towner, Marco F and Mansinghka, Vikash K},
  journal={arXiv preprint arXiv:1606.00068},
  year={2016}
}
@article{grosse2016measuring,
  title={Measuring the reliability of MCMC inference with bidirectional Monte Carlo},
  author={Grosse, Roger B and Ancha, Siddharth and Roy, Daniel M},
  journal={arXiv preprint arXiv:1606.02275},
  year={2016}
}
@article{Neal2001,
abstract = {Simulated annealing - moving from a tractable distribution to a distribution of interest via a sequence of intermediate distributions - has traditionally been used as an inexact method of handling isolated modes in Markov chain samplers. Here, it is shown how one can use the Markov chain transitions for such an annealing sequence to define an importance sampler. The Markov chain aspect allows this method to perform acceptably even for high-dimensional problems, where finding good importance sampling distributions would otherwise be very difficult, while the use of importance weights ensures that the estimates found converge to the correct values as the number of annealing runs increases. This annealed importance sampling procedure resembles the second half of the previously-studied tempered transitions, and can be seen as a generalization of a recently-proposed variant of sequential importance sampling. It is also related to thermodynamic integration methods for estimating ratios of normalizing constants. Annealed importance sampling is most attractive when isolated modes are present, or when estimates of normalizing constants are required, but it may also be more generally useful, since its independent sampling allows one to bypass some of the problems of assessing convergence and autocorrelation in Markov chain samplers.},
archivePrefix = {arXiv},
arxivId = {physics/9803008},
author = {Neal, Radford M.},
doi = {10.1023/A:1008923215028},
eprint = {9803008},
isbn = {9780874216561},
issn = {09603174},
journal = {Statistics and Computing},
keywords = {Estimation of normalizing constants,Free energy computation,Sequential importance sampling,Tempered transitions},
number = {2},
pages = {125--139},
pmid = {17705625},
primaryClass = {physics},
title = {{Annealed importance sampling}},
volume = {11},
year = {2001}
}
@article{andrieu2010particle,
  title={Particle markov chain monte carlo methods},
  author={Andrieu, Christophe and Doucet, Arnaud and Holenstein, Roman},
  journal={Journal of the Royal Statistical Society: Series B (Statistical Methodology)},
  volume={72},
  number={3},
  pages={269--342},
  year={2010},
  publisher={Wiley Online Library}
}
@article{del2006sequential,
  title={Sequential monte carlo samplers},
  author={Del Moral, Pierre and Doucet, Arnaud and Jasra, Ajay},
  journal={Journal of the Royal Statistical Society: Series B (Statistical Methodology)},
  volume={68},
  number={3},
  pages={411--436},
  year={2006},
  publisher={Wiley Online Library}
}
@article{mansinghka2014venture,
  title={Venture: a higher-order probabilistic programming platform with programmable inference},
  author={Mansinghka, Vikash and Selsam, Daniel and Perov, Yura},
  journal={arXiv preprint arXiv:1404.0099},
  year={2014}
}
@MastersThesis{lua2016,
    author     =     {Anthony Lu},
    title     =     {{Venture: an extensible platform for probabilistic meta-programming}},
    school     =     {Massachusetts Institute of Technology},
    year     =     {2016},
}
@article{kingma2013auto,
  title={Auto-encoding variational bayes},
  author={Kingma, Diederik P and Welling, Max},
  journal={arXiv preprint arXiv:1312.6114},
  year={2013}
}
@article{mnih2014neural,
  title={Neural variational inference and learning in belief networks},
  author={Mnih, Andriy and Gregor, Karol},
  journal={arXiv preprint arXiv:1402.0030},
  year={2014}
}
@article{andrieu2003introduction,
  title={An introduction to MCMC for machine learning},
  author={Andrieu, Christophe and De Freitas, Nando and Doucet, Arnaud and Jordan, Michael I},
  journal={Machine learning},
  volume={50},
  number={1-2},
  pages={5--43},
  year={2003},
  publisher={Springer}
}
@article{goodman2012church,
  title={Church: a language for generative models},
  author={Goodman, Noah and Mansinghka, Vikash and Roy, Daniel M and Bonawitz, Keith and Tenenbaum, Joshua B},
  journal={arXiv preprint arXiv:1206.3255},
  year={2012}
}
@article{mansinghka2015bayesdb,
  title={BayesDB: A probabilistic programming system for querying the probable implications of data},
  author={Mansinghka, Vikash and Tibbetts, Richard and Baxter, Jay and Shafto, Pat and Eaves, Baxter},
  journal={arXiv preprint arXiv:1512.05006},
  year={2015}
}
@article{saad2016probabilistic,
  title={Probabilistic Data Analysis with Probabilistic Programming},
  author={Saad, Feras and Mansinghka, Vikash},
  journal={arXiv preprint arXiv:1608.05347},
  year={2016}
}
@inproceedings{wood2014new,
  title={A New Approach to Probabilistic Programming Inference.},
  author={Wood, Frank and van de Meent, Jan-Willem and Mansinghka, Vikash},
  booktitle={AISTATS},
  pages={1024--1032},
  year={2014}
}
@misc{dippl,
  title = {{The Design and Implementation of Probabilistic Programming Languages}},
  author = {Goodman, Noah D and Stuhlm\"{u}ller, Andreas},
  year = {2014},
  howpublished = {\url{http://dippl.org}},
  note = {Accessed: 2016-10-31}
}
@inproceedings{wingate2011lightweight,
  title={Lightweight Implementations of Probabilistic Programming Languages Via Transformational Compilation.},
  author={Wingate, David and Stuhlm{\"u}ller, Andreas and Goodman, Noah D},
  booktitle={AISTATS},
  pages={770--778},
  year={2011}
}
@inproceedings{morris2001recognition,
  title={Recognition networks for approximate inference in BN20 networks},
  author={Morris, Quaid},
  booktitle={Proceedings of the Seventeenth conference on Uncertainty in artificial intelligence},
  pages={370--377},
  year={2001},
  organization={Morgan Kaufmann Publishers Inc.}
}
@article{cusumanotowner2016smc,
  title={Measuring the non-asymptotic convergence of sequential {Monte} {Carlo} samplers using probabilistic programming},
  author={Cusumano-Towner, Marco F and Mansinghka, Vikash K},
  journal={Submitted to the NIPS 2016 Workshop Advances in Approximate Bayesian Inference},
  year={2016}
}
@article{andrieu2009,
    author = "Andrieu, Christophe and Roberts, Gareth O.",
    doi = "10.1214/07-AOS574",
    fjournal = "The Annals of Statistics",
    journal = "Ann. Statist.",
    month = "04",
    number = "2",
    pages = "697--725",
    publisher = "The Institute of Mathematical Statistics",
    title = "The pseudo-marginal approach for efficient Monte Carlo computations",
    url = "http://dx.doi.org/10.1214/07-AOS574",
    volume = "37",
    year = "2009"
}
@article{fischler1981random,
  title={Random sample consensus: a paradigm for model fitting with applications to image analysis and automated cartography},
  author={Fischler, Martin A and Bolles, Robert C},
  journal={Communications of the ACM},
  volume={24},
  number={6},
  pages={381--395},
  year={1981},
  publisher={ACM}
}
@misc{cusumano2017gen,
    author = {Cusumano-Towner, Marco and Mansinghka, Vikash and others},
    title = "{Gen.jl: A probabilistic meta-programming platform and compositional inference programming library.}",
    howpublished = {\url{https://github.com/probcomp/Gen.jl}},
    year = 2017
}
@article{smith1992bayesian,
  title={Bayesian statistics without tears: a sampling--resampling perspective},
  author={Smith, Adrian FM and Gelfand, Alan E},
  journal={The American Statistician},
  volume={46},
  number={2},
  pages={84--88},
  year={1992},
  publisher={Taylor \& Francis Group}
}
@article{le2016inference,
  title={Inference compilation and universal probabilistic programming},
  author={Le, Tuan Anh and Baydin, Atilim Gunes and Wood, Frank},
  journal={arXiv preprint arXiv:1610.09900},
  year={2016}
}
@inproceedings{stuhlmuller2013learning,
  title={Learning stochastic inverses},
  author={Stuhlm{\"u}ller, Andreas and Taylor, Jacob and Goodman, Noah},
  booktitle={Advances in neural information processing systems},
  pages={3048--3056},
  year={2013}
}
@article{cusumano2017probabilistic,
  title={Probabilistic programs for inferring the goals of autonomous agents},
  author={Cusumano-Towner, Marco F and Radul, Alexey and Wingate, David and Mansinghka, Vikash K},
  journal={arXiv preprint arXiv:1704.04977},
  year={2017}
}
@inproceedings{ritchie2016neurally,
  title={Neurally-guided procedural models: Amortized inference for procedural graphics programs using neural networks},
  author={Ritchie, Daniel and Thomas, Anna and Hanrahan, Pat and Goodman, Noah},
  booktitle={Advances in Neural Information Processing Systems},
  pages={622--630},
  year={2016}
}
@inproceedings{mnih2016variational,
  title={Variational inference for monte carlo objectives},
  author={Mnih, Andriy and Rezende, Danilo},
  booktitle={International Conference on Machine Learning},
  pages={2188--2196},
  year={2016}
}
@inproceedings{schulman2015gradient,
  title={Gradient estimation using stochastic computation graphs},
  author={Schulman, John and Heess, Nicolas and Weber, Theophane and Abbeel, Pieter},
  booktitle={Advances in Neural Information Processing Systems},
  pages={3528--3536},
  year={2015}
}
@article{kingma2014adam,
  title={Adam: A method for stochastic optimization},
  author={Kingma, Diederik and Ba, Jimmy},
  journal={arXiv preprint arXiv:1412.6980},
  year={2014}
}
@inproceedings{johnson2016composing,
  title={Composing graphical models with neural networks for structured representations and fast inference},
  author={Johnson, Matthew and Duvenaud, David K and Wiltschko, Alex and Adams, Ryan P and Datta, Sandeep R},
  booktitle={Advances in neural information processing systems},
  pages={2946--2954},
  year={2016}
}
@inproceedings{paige2016inference,
  title={Inference networks for sequential Monte Carlo in graphical models},
  author={Paige, Brooks and Wood, Frank},
  booktitle={International Conference on Machine Learning},
  pages={3040--3049},
  year={2016}
}
@article{wang2017neural,
  title={Neural Block Sampling},
  author={Wang, Tongzhou and Wu, Yi and Moore, David A and Russell, Stuart J},
  journal={arXiv preprint arXiv:1708.06040},
  year={2017}
}
@article{williams1992simple,
  title={Simple statistical gradient-following algorithms for connectionist reinforcement learning},
  author={Williams, Ronald J},
  journal={Machine learning},
  volume={8},
  number={3-4},
  pages={229--256},
  year={1992},
  publisher={Springer}
}
@article{fearnhead2008particle,
  title={Particle filters for partially observed diffusions},
  author={Fearnhead, Paul and Papaspiliopoulos, Omiros and Roberts, Gareth O},
  journal={Journal of the Royal Statistical Society: Series B (Statistical Methodology)},
  volume={70},
  number={4},
  pages={755--777},
  year={2008},
  publisher={Wiley Online Library}
}
@article{storvik2011flexibility,
  title={On the flexibility of Metropolis--Hastings acceptance probabilities in auxiliary variable proposal generation},
  author={Storvik, Geir},
  journal={Scandinavian Journal of Statistics},
  volume={38},
  number={2},
  pages={342--358},
  year={2011},
  publisher={Wiley Online Library}
}
@article{andrieu2010particle,
  title={Particle markov chain monte carlo methods},
  author={Andrieu, Christophe and Doucet, Arnaud and Holenstein, Roman},
  journal={Journal of the Royal Statistical Society: Series B (Statistical Methodology)},
  volume={72},
  number={3},
  pages={269--342},
  year={2010},
  publisher={Wiley Online Library}
}
@article{bezanson2017julia,
  title={Julia: A fresh approach to numerical computing},
  author={Bezanson, Jeff and Edelman, Alan and Karpinski, Stefan and Shah, Viral B},
  journal={SIAM Review},
  volume={59},
  number={1},
  pages={65--98},
  year={2017},
  publisher={SIAM}
}
@article{tierney1994markov,
  title={Markov chains for exploring posterior distributions},
  author={Tierney, Luke},
  journal={the Annals of Statistics},
  pages={1701--1728},
  year={1994},
  publisher={JSTOR}
}
@article{cusumano2016encapsulating,
  title={Encapsulating models and approximate inference programs in probabilistic modules},
  author={Cusumano-Towner, Marco F and Mansinghka, Vikash K},
  journal={arXiv preprint arXiv:1612.04759},
  year={2016}
}
@inproceedings{gehr2016psi,
  title={Psi: Exact symbolic inference for probabilistic programs},
  author={Gehr, Timon and Misailovic, Sasa and Vechev, Martin},
  booktitle={International Conference on Computer Aided Verification},
  pages={62--83},
  year={2016},
  organization={Springer}
}
@article{ritchie2016deep,
  title={Deep Amortized Inference for Probabilistic Programs},
  author={Ritchie, Daniel and Horsfall, Paul and Goodman, Noah D},
  journal={arXiv preprint arXiv:1610.05735},
  year={2016}
}

@inproceedings{cusumano2017aide,
  title={AIDE: An algorithm for measuring the accuracy of probabilistic inference algorithms},
  author={Cusumano-Towner, Marco and Mansinghka, Vikash K},
  booktitle={Advances in Neural Information Processing Systems},
  pages={3000--3010},
  year={2017}
}



@inproceedings{cusumano2019gen,
  title={Gen: a general-purpose probabilistic programming system with programmable inference},
  author={Cusumano-Towner, Marco F and Saad, Feras A and Lew, Alexander K and Mansinghka, Vikash K},
  booktitle={Proceedings of the 40th ACM SIGPLAN Conference on Programming Language Design and Implementation},
  pages={221--236},
  year={2019},
  organization={ACM}
}


@article{richardson1997bayesian,
  title={On Bayesian analysis of mixtures with an unknown number of components (with discussion)},
  author={Richardson, Sylvia and Green, Peter J},
  journal={Journal of the Royal Statistical Society: series B (statistical methodology)},
  volume={59},
  number={4},
  pages={731--792},
  year={1997},
  publisher={Wiley Online Library}
}

@article{green1995reversible,
  title={Reversible jump Markov chain Monte Carlo computation and Bayesian model determination},
  author={Green, Peter J},
  journal={Biometrika},
  volume={82},
  number={4},
  pages={711--732},
  year={1995},
  publisher={Oxford University Press}
}

@article{tierney1998note,
  title={A note on Metropolis-Hastings kernels for general state spaces},
  author={Tierney, Luke},
  journal={Annals of applied probability},
  pages={1--9},
  year={1998},
  publisher={JSTOR}
}

@misc{imcmc,
    title={Involutive MCMC: a Unifying Framework},
    author={Kirill Neklyudov and Max Welling and Evgenii Egorov and Dmitry Vetrov},
    year={2020},
    eprint={2006.16653},
    archivePrefix={arXiv},
    primaryClass={cs.LG}
}

@article{verified_svi,
  title={Towards verified stochastic variational inference for probabilistic programs},
  author={Lee, Wonyeol and Yu, Hangyeol and Rival, Xavier and Yang, Hongseok},
  journal={Proceedings of the ACM on Programming Languages},
  volume={4},
  number={POPL},
  pages={1--33},
  year={2019},
  publisher={ACM New York, NY, USA}
}

@article{hmc,
  title={Hybrid monte carlo},
  author={Duane, Simon and Kennedy, Anthony D and Pendleton, Brian J and Roweth, Duncan},
  journal={Physics letters B},
  volume={195},
  number={2},
  pages={216--222},
  year={1987},
  publisher={Elsevier}
}

@inproceedings{cyclegan,
  title={Unpaired image-to-image translation using cycle-consistent adversarial networks},
  author={Zhu, Jun-Yan and Park, Taesung and Isola, Phillip and Efros, Alexei A},
  booktitle={Proceedings of the IEEE international conference on computer vision},
  pages={2223--2232},
  year={2017}
}

@article{popltraces,
  title={Trace types and denotational semantics for sound programmable inference in probabilistic languages},
  author={Lew, Alexander K and Cusumano-Towner, Marco F and Sherman, Benjamin and Carbin, Michael and Mansinghka, Vikash K},
  journal={Proceedings of the ACM on Programming Languages},
  volume={4},
  number={POPL},
  pages={1--32},
  year={2019},
  publisher={ACM New York, NY, USA}
}